% Encoding: UTF-8

@Article{Boulmier2019,
  author       = {Boulmier, Jérôme and Holweck, Frédéric and Pinard, Maxime and Saniga, Metod},
  title        = {Veldkamp Spaces of Low-Dimensional Ternary Segre Varieties},
  volume       = {74},
  number       = {1},
  pages        = {54},
  issn         = {1420-9012},
  date         = {2019-02-13},
  doi          = {10.1007/s00025-019-0974-2},
  journaltitle = {Results in Mathematics},
}
@inproceedings{Pinard2020,
  author       = {Pinard, Maxime and Moalic, Laurent and Brévilliers, Mathieu and Lepagnot, Julien and Idoumghar, Lhassane},
  title        = {A Memetic Approach for the Unicost Set Covering Problem},
  booktitle    = {Proceedings of the 14th Learning And Intelligent Optimization Conference},
  eventdate    = {2020-05-24/2020-05-28},
  date         = {2020-06},
  location     = {Athens, Greece},
  note         = {[code available online: \href{https://github.com/pinam45/USCP}{USCP}]}
}
